

@inproceedings{davidson2010youtube,
title={The YouTube video recommendation system},
author={Davidson, James and Liebald, Benjamin and Liu, Junning and Nandy, Palash and Van Vleet, Taylor and Gargi, Ullas and Gupta, Sujoy and He, Yushi and Lambert, Mike and Livingston, Blake and others},
booktitle={Proceedings of the 2010 ACM Conference on Recommender Systems},
pages={293â€“296},
year={2010},
organization={ACM}
}

@article{article1,
author = {Rao, P. and Rao, T.V. and Bethapudi, Prakash},
year = {2021},
month = {02},
pages = {168725},
title = {Matrix Factorization Based Recommendation System using Hybrid Optimization Technique},
volume = {8},
journal = {EAI Endorsed Transactions on Energy Web},
doi = {10.4108/eai.19-2-2021.168725}
}

@article{article2,
author = {Zhang Yuan et al.},
year = {2020},
month = {09},
pages = {168725},
title = {Graph-based Regularization on Embedding Layers for Recommendation},
volume = {39},
issue = {1},
journal = {ACM Transactions on Information System},
doi = {10.1145/3414067}
}

@article{article3,
author = {Mishra, Nitin and Chaturvedi, Saumya and Vij, Aanchal and Tripathi, Sunita},
year = {2021},
month = {01},
pages = {012002},
title = {Research Problems in Recommender systems},
volume = {1717},
journal = {Journal of Physics: Conference Series},
doi = {10.1088/1742-6596/1717/1/012002}
}

@article{article4,
author = {Sariki, Tulasi and Kumar, B.G.},
year = {2018},
month = {03},
pages = {77-82},
title = {A book recommendation system based on named entities},
volume = {65},
journal = {Annals of Library and Information Studies}
}

@inproceedings{inproceedings,
author = {Mathew, Praveena and Kuriakose, Bincy and Hegde, Vinayak},
year = {2016},
month = {03},
pages = {47-52},
title = {Book Recommendation System through content based and collaborative filtering method},
doi = {10.1109/SAPIENCE.2016.7684166}
}

@inproceedings{okon,
author = {Okon, Emmanuel and Eke, Bartholomew and Asagba, Prince},
year = {2018},
month = {05},
pages = {55-65},
title = {An Improved Online Book Recommender System using Collaborative Filtering Algorithm},
doi = {10.13140/RG.2.2.24240.46086}
}

@inproceedings{NN1,
author = {Kenneth Hua},
year = {2021},
month = {12},
title = {Neural Network Collaborative Filtering with Amazon Book Reviews},
doi = {10.13140/RG.2.2.24240.46086}
}


@inproceedings{NN2,
author = { Jianmo Ni, Jiacheng Li, Julian McAuley},
year = {2019},
title = {Justifying Recommendations using Distantly-Labeled Reviews and
Fine-Grained Aspects},
doi = {10.13140/RG.2.2.24240.46086}
}

@inproceedings{JS,
author = {Avi Rana and K. Deeba},
year = {2019},
title = {Online Book Recommendation System using
Collaborative Filtering (With Jaccard Similarity)
},
doi = {10.13140/RG.2.2.24240.46086},
journal = {Journal of Physics: Conference Series}
}

@inproceedings{JS2,
author = {Khabibulla Madatov and Sapura Sattarova},
year = {2024},
month = {12},
title = {Using the Jaccard similarity method for recommendation system of books
},
doi = {10.13140/RG.2.2.24240.46086},
journal = {Journal of Physics: Conference Series}
}